  @Article{igraph,
    title = {The igraph software package for complex network research},
    author = {Gabor Csardi and Tamas Nepusz},
    journal = {InterJournal},
    volume = {Complex Systems},
    pages = {1695},
    year = {2006},
    url = {http://igraph.org},
  }
  
@inproceedings{jeh2003scaling,
  title={Scaling personalized web search},
  author={Jeh, Glen and Widom, Jennifer},
  booktitle={Proceedings of the 12th international conference on World Wide Web},
  pages={271--279},
  year={2003},
  organization={ACM}
}

@article{page1999pagerank,
  title={The PageRank citation ranking: Bringing order to the web.},
  author={Page, Lawrence and Brin, Sergey and Motwani, Rajeev and Winograd, Terry},
  year={1999},
  publisher={Stanford InfoLab}
}

@inproceedings{mobisys10,
  author = {{Jun-Geun} Park and Ben Charrow and Dorothy Curtis and Jonathan Battat and Einat Minkov and Jamey Hicks and Seth Teller and Jonathan Ledlie},
  title =  {Growing an Organic Indoor Location System},
  booktitle = {Proceedings of the International Conference of Mobile Systems, Applications, and Services (MobiSys)},
  year = {2010}
}

@ARTICLE{churchCL90,
	title= "Word association norms, mutual information and lexicography",
	author = "Kenneth Ward Church and Patrick Hanks",
	journal = {Computational Linguistics},
	year = 1990,
	volume = "16",
        number = "1"
}

@BOOK{tesniere59,
	AUTHOR = "Lucien Tesni�re",
	TITLE = "�lments de syntaxe structurale",
	PUBLISHER = {Klincksieck},
	YEAR = {1959}	
}

@inproceedings{kumar10,
  author = {Ravi Kumar and Andrew Tomkins},
  title =  {A characterization of online browsing behavior},
  booktitle = {Proceedings of the 19th international conference on World wide web (WWW)},
  year = {2010}
}

@inproceedings{koch01,
  author = {Nora Koch and Martin Wirsing},
  title =  {A characterization of online browsing behavior},
  booktitle = {Proceedings of the 8th International Conference on User Modeling},
  year = {2001}
}

@ARTICLE{sebastiani02,
	title= "Machine learning in automated text categorization",
	author = "Fabrizio Sebastiani",
	journal = {ACM computing surveys},
	year = 2002,
	volume = "34",
        number = "1",
        pages = "1-47"
}

@ARTICLE{sebastiani03,
	title= "Machine learning in automated text categorization",
	author = "Fabrizio Sebastiani",
	journal = {ACM computing surveys},
	year = 2003,
	volume = "34",
        number = "1",
        pages = "1-47"
}

@inproceedings{middleton01,
  author = {Stuart E. Middleton and David C. De Roure and Nigel R. Shadbolt},
  title =  {Capturing knowledge of user preferences: ontologies in recommender systems},
  booktitle = {Proceedings of the 1st international conference on Knowledge capture},
  year = {2001}
}

@ARTICLE{pazzani97,
	title= "Learning and revising user profiles: The identification of interesting web sites",
	author = "Michael Pazzani and Daniel Billsus",
	journal = {Machine learning},
	year = 1997,
	volume = "27",
        number = "3",
        pages = "313-331"
}

@inproceedings{breese98,
  author = {John S. Breese and David Heckerman and Carl Kadie},
  title =  {Empirical analysis of predictive algorithms for collaborative filtering},
  booktitle = {Proceedings of the Fourteenth conference on Uncertainty in artificial intelligence (UAI)},
  year = {1998}
}

@ARTICLE{adomavicius,
	title= "Toward the next generation of recommender systems: A survey of the state-of-the-art and possible extensions",
	author = "Gediminas Adomavicius and Alexander Tuzhilin",
	journal = {IEEE Transactions onKnowledge and Data Engineering},
	year = 2005,
	volume = "17",
        number = "6",
        pages = "734-749"
}


@inproceedings{bekkerman05,
  author = {Ron Bekkerman and R. El-Yaniv and Andrew McCallum},
  title =  {Multi-way distributional clustering via pairwise interactions},
  booktitle = {ICML},
  year = {2005}
}

@inproceedings{bekkerman08,
  author = {Ron Bekkerman and Martin Schol},
  title =  {Data weaving: Scaling up the state-of-the-art in data clusterings},
  booktitle = {Proceedings of the 17th ACM conference on Information and knowledge management (CIKM)},
  year = {2008}
}


@inproceedings{bilenko11,
  author = {Mikhail Bilenko and Matthew Richardson},
  title =  {Empirical analysis of predictive algorithms for collaborative filtering},
  booktitle = {Proceedings of the 14th Conference on Uncertainty in Artificial Intelligence (UAI)},
  year = {2011}
}

@inproceedings{melville02,
  author = {P. Melville and R. J. Mooney and R. Nagarajan},
  title =  {Content boosted collaborative filtering for improved recommendations},
  booktitle = {Proceedings of the 18th National Conference on Artificial Intelligence (AAAI)},
  year = {2002}
}

@inproceedings{si03,
  author = {L. Si and R. Jin},
  title =  {Flexible mixture model for collaborative filtering},
  booktitle = {Proceedings of the 20th International Conference on Machine Learning (ICML)},
  year = {2003}
}

@inproceedings{joachims97,
  author = {T. Joachims and D. Freitag and T. M. Mitchell},
  title =  {WebWatcher: A Tour Guide for the World Wide Web},
  booktitle = {Proc. of the 15th International Joint Conference on Artificial Intelligence (IJCAI)},
  year = {1997}
}

@inproceedings{bauer2014analyzing,
  title={Analyzing the dangers posed by Chrome extensions},
  author={Bauer, Lujo and Cai, Shaoying and Jia, Limin and Passaro, Timothy and Tian, Yuan},
  booktitle={Communications and Network Security (CNS), 2014 IEEE Conference on},
  pages={184--192},
  year={2014},
  organization={IEEE}
}

@inproceedings{elzer2007browser,
  title={A Browser Extension for Providing Visually Impaired Users Access to the Content of Bar Charts on the Web.},
  author={Elzer, Stephanie and Schwartz, Edward and Carberry, Sandra and Chester, Daniel and Demir, Seniz and Wu, Peng},
  booktitle={WEBIST (2)},
  pages={59--66},
  year={2007}
}

@article{kobsa1993user,
  title={User modeling: Recent work, prospects and hazards},
  author={Kobsa, Alfred},
  journal={Human Factors in Information Technology},
  volume={10},
  pages={111--111},
  year={1993}
}

@incollection{gauch2007user,
  title={User profiles for personalized information access},
  author={Gauch, Susan and Speretta, Mirco and Chandramouli, Aravind and Micarelli, Alessandro},
  booktitle={The adaptive web},
  pages={54--89},
  year={2007},
  publisher={Springer}
}

@article{marin2013dynamic,
  title={Dynamic adaptation of numerical attributes in a user profile},
  author={Marin, Lucas and Isern, David and Moreno, Antonio},
  journal={Applied intelligence},
  volume={39},
  number={2},
  pages={421--437},
  year={2013},
  publisher={Springer}
}

@inproceedings{leontiadis2012don,
  title={Don't kill my ads!: balancing privacy in an ad-supported mobile application market},
  author={Leontiadis, Ilias and Efstratiou, Christos and Picone, Marco and Mascolo, Cecilia},
  booktitle={Proceedings of the Twelfth Workshop on Mobile Computing Systems \& Applications},
  pages={2},
  year={2012},
  organization={ACM}
}

@inproceedings{benevenuto2009characterizing,
  title={Characterizing user behavior in online social networks},
  author={Benevenuto, Fabr{\'\i}cio and Rodrigues, Tiago and Cha, Meeyoung and Almeida, Virg{\'\i}lio},
  booktitle={Proceedings of the 9th ACM SIGCOMM conference on Internet measurement conference},
  pages={49--62},
  year={2009},
  organization={ACM}
}

@inproceedings{ross2005stronger,
  title={Stronger Password Authentication Using Browser Extensions.},
  author={Ross, Blake and Jackson, Collin and Miyake, Nick and Boneh, Dan and Mitchell, John C},
  booktitle={Usenix security},
  pages={17--32},
  year={2005},
  organization={Baltimore, MD, USA}
}

@article{lieberman1995letizia,
  title={Letizia: An agent that assists web browsing},
  author={Lieberman, Henry and others},
  journal={IJCAI (1)},
  volume={1995},
  pages={924--929},
  year={1995}
}

@inproceedings{sugiyama2004adaptive,
  title={Adaptive web search based on user profile constructed without any effort from users},
  author={Sugiyama, Kazunari and Hatano, Kenji and Yoshikawa, Masatoshi},
  booktitle={Proceedings of the 13th international conference on World Wide Web},
  pages={675--684},
  year={2004},
  organization={ACM}
}

@inproceedings{lu2011learning,
  title={Learning Mallows models with pairwise preferences},
  author={Lu, Tyler and Boutilier, Craig},
  booktitle={Proceedings of the 28th International Conference on Machine Learning (ICML-11)},
  pages={145--152},
  year={2011}
}
@article{resnick1997recommender,
  title={Recommender systems},
  author={Resnick, Paul and Varian, Hal R},
  journal={Communications of the ACM},
  volume={40},
  number={3},
  pages={56--58},
  year={1997},
  publisher={ACM}
}

@article{goldberg1992using,
  title={Using collaborative filtering to weave an information tapestry},
  author={Goldberg, David and Nichols, David and Oki, Brian M and Terry, Douglas},
  journal={Communications of the ACM},
  volume={35},
  number={12},
  pages={61--70},
  year={1992},
  publisher={ACM}
}
@article{hofmann2004latent,
  title={Latent semantic models for collaborative filtering},
  author={Hofmann, Thomas},
  journal={ACM Transactions on Information Systems (TOIS)},
  volume={22},
  number={1},
  pages={89--115},
  year={2004},
  publisher={ACM}
}

%[10] Marin, Lucas, David Isern, and Antonio Moreno. "Dynamic adaptation of numerical attributes in a user profile." Applied Intelligence (2012): 1-17.
%[12] Leontiadis, Ilias, et al. "Don't kill my ads!: balancing privacy in an ad-supported mobile application market." Proceedings of the Twelfth Workshop on Mobile Computing Systems & Applications. ACM, %2012.
%[14] Benevenuto, Fabr?cio, et al. "Characterizing user behavior in online social networks." Proceedings of the 9th ACM SIGCOMM conference on Internet measurement conference. ACM, 2009.
@inproceedings{benevenuto2009characterizing,
  title={Characterizing user behavior in online social networks},
  author={Benevenuto, Fabr{\'\i}cio and Rodrigues, Tiago and Cha, Meeyoung and Almeida, Virg{\'\i}lio},
  booktitle={Proceedings of the 9th ACM SIGCOMM conference on Internet measurement conference},
  pages={49--62},
  year={2009},
  organization={ACM}
}
%[16] Elzer, Stephanie, et al. "A browser extension for providing visually impaired users access to the content of bar charts on the web." Proc. of WEBIST. 2007.
%[17] Ross, Blake, et al. "Stronger password authentication using browser extensions." Proceedings of the 14th Usenix Security Symposium. Vol. 1998. 2005.
%[18] H. Lieberman. Letizia: An Agent That Assists Web Browsing. In Proc. of the 14th International Joint Conference on Artificial Intelligence (IJCAI �1�795), pages 924�1�7929, 1995.
@article{lieberman1995letizia,
  title={Letizia: An agent that assists web browsing},
  author={Lieberman, Henry and others},
  journal={IJCAI (1)},
  volume={1995},
  pages={924--929},
  year={1995}
}
%[20] Sugiyama, Kazunari, Kenji Hatano, and Masatoshi Yoshikawa. "Adaptive web search based on user profile constructed without any effort from users." Proceedings of the 13th international conference on %World Wide Web. ACM, 2004.
%[21] Lu, Tyler, and Craig Boutilier. "Learning Mallows models with pairwise preferences." Proceedings of the 28th International Conference on Machine Learning (ICML). 2011.
@inproceedings{lu2011learning,
  title={Learning Mallows models with pairwise preferences},
  author={Lu, Tyler and Boutilier, Craig},
  booktitle={Proceedings of the 28th International Conference on Machine Learning (ICML-11)},
  pages={145--152},
  year={2011}
}
%[22] Resnick, Paul, and Hal R. Varian. "Recommender systems." Communications of the ACM 40.3 (1997): 56-58.
%[23] S.K.Lee, Y.H.Cho, S.H.Kim, Collaborative filtering with ordinal scale-based implicit ratings for mobile music recommendations, Information Sciences 180 (11)(2010)2142�1�72155.
%[24] Goldberg, David, et al. "Using collaborative filtering to weave an information tapestry." Communications of the ACM 35.12 (1992): 61-70.
@article{goldberg1992using,
  title={Using collaborative filtering to weave an information tapestry},
  author={Goldberg, David and Nichols, David and Oki, Brian M and Terry, Douglas},
  journal={Communications of the ACM},
  volume={35},
  number={12},
  pages={61--70},
  year={1992},
  publisher={ACM}
}
%[25] T. Hofmann, �Latent semantic models for collaborative filtering,�1�7 ACM Transactions on Information Systems, vol. 22, no. 1, pp. 89�1�7115, 2004.
@article{hofmann2004latent,
  title={Latent semantic models for collaborative filtering},
  author={Hofmann, Thomas},
  journal={ACM Transactions on Information Systems (TOIS)},
  volume={22},
  number={1},
  pages={89--115},
  year={2004},
  publisher={ACM}
}
%[27] T. Hofmann, �Latent semantic models for collaborative filtering,�1�7 ACM Transactions on Information Systems, vol. 22, no. 1, pp. 89�1�7115, 2004.
%[29] Gong, Song-Jie, HongWu Ye, and HengSong Tan. "Combining memory-based and model-based collaborative filtering in recommender system." Circuits, Communications and Systems, 2009. PACCS'09. Pacific-Asia %Conference on. IEEE, 2009.
@inproceedings{gong2009combining,
  title={Combining memory-based and model-based collaborative filtering in recommender system},
  author={Gong, SongJie and Ye, HongWu and Tan, HengSong},
  booktitle={Circuits, Communications and Systems, 2009. PACCS'09. Pacific-Asia Conference on},
  pages={690--693},
  year={2009},
  organization={IEEE}
}
%[30] Ungar, Lyle H., and Dean P. Foster. "Clustering methods for collaborative filtering." AAAI Workshop on Recommendation Systems. No. 1. 1998.
@inproceedings{ungar1998clustering,
  title={Clustering methods for collaborative filtering},
  author={Ungar, Lyle H and Foster, Dean P},
  booktitle={AAAI workshop on recommendation systems},
  volume={1},
  year={1998}
}
%[31] J. Han and M. Kamber, Data Mining: Concepts and Techniques, Morgan Kaufmann, San Francisco, Calif, USA, 2001.
@book{han2006data,
  title={Data mining, southeast asia edition: Concepts and techniques},
  author={Han, Jiawei and Kamber, Micheline and Pei, Jian},
  year={2006},
  publisher={Morgan kaufmann}
}

%[32] S. Geman and D. Geman, �Stochastic relaxation, Gibbs distributions and the Bayesian restoration of images,�1�7 IEEE Transactions on Pattern Analysis and Machine Intelligence, vol. 6, no. 6, pp. 721�1�7741, %1984
@article{geman1984stochastic,
  title={Stochastic relaxation, Gibbs distributions, and the Bayesian restoration of images},
  author={Geman, Stuart and Geman, Donald},
  journal={Pattern Analysis and Machine Intelligence, IEEE Transactions on},
  number={6},
  pages={721--741},
  year={1984},
  publisher={IEEE}
}
%[34] R.L.Zhu, S.J.Gong, �Analyzing of collaborative filtering using clustering technology,�1�7 international colloquium on computing, in :ISECS International Colloquium on Computing, Communication, Control, %and Management,2009,pp.57�1�759.
@inproceedings{zhu2009analyzing,
  title={Analyzing of collaborative filtering using clustering technology},
  author={Zhu, RuLong and Gong, SongJie},
  booktitle={Computing, Communication, Control, and Management, 2009. CCCM 2009. ISECS International Colloquium on},
  volume={4},
  pages={57--59},
  year={2009},
  organization={IEEE}
}
%[35] Golder, Scott, and Bernardo A. Huberman. "The structure of collaborative tagging systems." arXiv preprint cs/0508082 (2005).
@article{golder2006usage,
  title={Usage patterns of collaborative tagging systems},
  author={Golder, Scott A and Huberman, Bernardo A},
  journal={Journal of information science},
  volume={32},
  number={2},
  pages={198--208},
  year={2006},
  publisher={Sage Publications}
}
%[36] Bekkerman, Ron, and Mehran Sahami. "Semi-supervised clustering using combinatorial MRFs." ICML-06 Workshop on Learning in Structured Output Spaces. 2006.
@inproceedings{bekkerman2006semi,
  title={Semi-supervised clustering using combinatorial MRFs},
  author={Bekkerman, Ron and Sahami, Mehran},
  booktitle={ICML-06 Workshop on Learning in Structured Output Spaces},
  year={2006}
}
%[37] Bekkerman, Ron, and Jiwoon Jeon. "Multi-modal clustering for multimedia collections." Computer Vision and Pattern Recognition, 2007. CVPR'07. IEEE Conference on. IEEE, 2007.
@inproceedings{bekkerman2007multi,
  title={Multi-modal clustering for multimedia collections},
  author={Bekkerman, Ron and Jeon, Jiwoon},
  booktitle={Computer Vision and Pattern Recognition, 2007. CVPR'07. IEEE Conference on},
  pages={1--8},
  year={2007},
  organization={IEEE}
}
%[38] Vapnik, Vladimir N. "An overview of statistical learning theory." Neural Networks, IEEE Transactions on 10.5 (1999): 988-999.
@article{vapnik1999overview,
  title={An overview of statistical learning theory},
  author={Vapnik, Vladimir N},
  journal={Neural Networks, IEEE Transactions on},
  volume={10},
  number={5},
  pages={988--999},
  year={1999},
  publisher={IEEE}
}

@inproceedings{voorhees1999trec,
  title={The TREC-8 Question Answering Track Report.},
  author={Voorhees, Ellen M and others},
  booktitle={TREC},
  volume={99},
  pages={77--82},
  year={1999}
}

@inproceedings{chen2006less,
  title={Less is more: probabilistic models for retrieving fewer relevant documents},
  author={Chen, Harr and Karger, David R},
  booktitle={Proceedings of the 29th annual international ACM SIGIR conference on Research and development in information retrieval},
  pages={429--436},
  year={2006},
  organization={ACM}
}

@article{brin1998can,
  title={What can you do with a Web in your Pocket?},
  author={Brin, Sergey and Motwani, Rajeev and Page, Lawrence and Winograd, Terry},
  journal={IEEE Data Eng. Bull.},
  volume={21},
  number={2},
  pages={37--47},
  year={1998}
}
@inproceedings{haveliwala2002topic,
  title={Topic-sensitive pagerank},
  author={Haveliwala, Taher H},
  booktitle={Proceedings of the 11th international conference on World Wide Web},
  pages={517--526},
  year={2002},
  organization={ACM}
}
@article{haveliwala2003topic,
  title={Topic-sensitive pagerank: A context-sensitive ranking algorithm for web search},
  author={Haveliwala, Taher H},
  journal={Knowledge and Data Engineering, IEEE Transactions on},
  volume={15},
  number={4},
  pages={784--796},
  year={2003},
  publisher={IEEE}
}
@article{haveliwala2003analytical,
  title={An analytical comparison of approaches to personalizing pagerank},
  author={Haveliwala, Taher and Kamvar, Sepandar and Jeh, Glen},
  year={2003},
  publisher={Stanford}
}
@book{brandes2005network,
  title={Network analysis: methodological foundations},
  author={Brandes, Ulrik and Erlebach, Thomas},
  volume={3418},
  year={2005},
  publisher={Springer Science \& Business Media}
}
@incollection{koschutzki2005centrality,
  title={Centrality indices},
  author={Kosch{\"u}tzki, Dirk and Lehmann, Katharina Anna and Peeters, Leon and Richter, Stefan and Tenfelde-Podehl, Dagmar and Zlotowski, Oliver},
  booktitle={Network analysis},
  pages={16--61},
  year={2005},
  publisher={Springer}
}
@inproceedings{freschi2007protein,
  title={Protein function prediction from interaction networks using a random walk ranking algorithm},
  author={Freschi, Valerio},
  booktitle={Bioinformatics and Bioengineering, 2007. BIBE 2007. Proceedings of the 7th IEEE International Conference on},
  pages={42--48},
  year={2007},
  organization={IEEE}
}
@inproceedings{abrahao2012separability,
  title={On the separability of structural classes of communities},
  author={Abrahao, Bruno and Soundarajan, Sucheta and Hopcroft, John and Kleinberg, Robert},
  booktitle={Proceedings of the 18th ACM SIGKDD international conference on Knowledge discovery and data mining},
  pages={624--632},
  year={2012},
  organization={ACM}
}
@inproceedings{koch2001software,
  title={Software engineering for adaptive hypermedia applications},
  author={Koch, Nora and Wirsing, Martin},
  booktitle={8th International Conference on User Modeling, Sonthofen, Germany},
  year={2001},
  organization={Citeseer}
}

@incollection{gauch2007user,
  title={User profiles for personalized information access},
  author={Gauch, Susan and Speretta, Mirco and Chandramouli, Aravind and Micarelli, Alessandro},
  booktitle={The adaptive web},
  pages={54--89},
  year={2007},
  publisher={Springer}
}

@inproceedings{richardson2001intelligent,
  title={The Intelligent surfer: Probabilistic Combination of Link and Content Information in PageRank.},
  author={Richardson, Matthew and Domingos, Pedro},
  booktitle={NIPS},
  pages={1441--1448},
  year={2001}
}

@article{jaccard1912distribution,
  title={The distribution of the flora in the alpine zone},
  author={Jaccard, Paul},
  journal={New phytologist},
  volume={11},
  number={2},
  pages={37--50},
  year={1912},
  publisher={JSTOR}
}

@inproceedings{tong2006center,
  title={Center-piece subgraphs: problem definition and fast solutions},
  author={Tong, Hanghang and Faloutsos, Christos},
  booktitle={Proceedings of the 12th ACM SIGKDD international conference on Knowledge discovery and data mining},
  pages={404--413},
  year={2006},
  organization={ACM}
}

@book{ting2004minig,
  title={Mining and Analyzing Social Networks},
  author={I.-H. Ting, H.-J. Wu, and T.-H. Ho},
  year={2010},
  publisher={Springer Publishing Company}
}

@inproceedings{sarkar2010fast,
  title={Fast nearest-neighbor search in disk-resident graphs},
  author={Sarkar, Purnamrita and Moore, Andrew W},
  booktitle={Proceedings of the 16th ACM SIGKDD international conference on Knowledge discovery and data mining},
  pages={513--522},
  year={2010},
  organization={ACM}
}

@inproceedings{richardson2001intelligent,
  title={The Intelligent surfer: Probabilistic Combination of Link and Content Information in PageRank.},
  author={Richardson, Matthew and Domingos, Pedro},
  booktitle={NIPS},
  pages={1441--1448},
  year={2001}
}

@incollection{fogaras2004towards,
  title={Towards scaling fully personalized pagerank},
  author={Fogaras, D{\'a}niel and R{\'a}cz, Bal{\'a}zs},
  booktitle={Algorithms and Models for the Web-Graph},
  pages={105--117},
  year={2004},
  publisher={Springer}
}

@article{chang2011libsvm,
  title={LIBSVM: A library for support vector machines},
  author={Chang, Chih-Chung and Lin, Chih-Jen},
  journal={ACM Transactions on Intelligent Systems and Technology (TIST)},
  volume={2},
  number={3},
  pages={27},
  year={2011},
  publisher={ACM}
}

@misc{cook04,
    author = {Matthew Cook},
    title = {Calculation of PageRank Over a Peer-To-Peer Network},
    publisher = {http://citeseerx.ist.psu.edu/viewdoc/summary?doi=10.1.1.123.9069},
    year = {2004},
}

@article{Bianchini05,
 author = {Bianchini, Monica and Gori, Marco and Scarselli, Franco},
 title = {Inside PageRank},
 journal = {ACM Trans. Internet Technol.},
 volume = {5},
 number = {1},
 month = feb,
 year = {2005},
 issn = {1533-5399},
 pages = {92--128},
 publisher = {ACM},
 address = {New York, NY, USA},
} 

@article{LangvilleM03,
  author    = {Amy Nicole Langville and Carl Dean Meyer},
  title     = {Survey: Deeper Inside PageRank},
  journal   = {Internet Mathematics},
  volume    = {1},
  number    = {3},
  year      = {2003},
  pages     = {335-380},
  ee        = {http://dx.doi.org/10.1080/15427951.2004.10129091},
  bibsource = {DBLP, http://dblp.uni-trier.de}
}

@inproceedings{gori2006random,
  title={A random-walk based scoring algorithm with application to recommender systems for large-scale e-commerce},
  author={Gori, Marco and Pucci, Augusto},
  booktitle={Proceedings of the 12th ACM SIGKDD International Conference on Knowledge Discovery and Data Mining},
  volume={24},
  year={2006},
  organization={Citeseer}
}

@article{franceschet2011pagerank,
  title={PageRank: Standing on the shoulders of giants},
  author={Franceschet, Massimo},
  journal={Communications of the ACM},
  volume={54},
  number={6},
  pages={92--101},
  year={2011},
  publisher={ACM}
}

@inproceedings{andersen2006local,
  title={Local graph partitioning using pagerank vectors},
  author={Andersen, Reid and Chung, Fan and Lang, Kevin},
  booktitle={Foundations of Computer Science, 2006. FOCS'06. 47th Annual IEEE Symposium on},
  pages={475--486},
  year={2006},
  organization={IEEE}
}

@incollection{chung2010sharp,
  title={A sharp PageRank algorithm with applications to edge ranking and graph sparsification},
  author={Chung, Fan and Zhao, Wenbo},
  booktitle={Algorithms and Models for the Web-Graph},
  pages={2--14},
  year={2010},
  publisher={Springer}
}

@inproceedings{gyongyi2006link,
  title={Link spam detection based on mass estimation},
  author={Gyongyi, Zoltan and Berkhin, Pavel and Garcia-Molina, Hector and Pedersen, Jan},
  booktitle={Proceedings of the 32nd international conference on Very large data bases},
  pages={439--450},
  year={2006},
  organization={VLDB Endowment}
}

@inproceedings{gyongyi2004combating,
  title={Combating web spam with trustrank},
  author={Gy{\"o}ngyi, Zolt{\'a}n and Garcia-Molina, Hector and Pedersen, Jan},
  booktitle={Proceedings of the Thirtieth international conference on Very large data bases-Volume 30},
  pages={576--587},
  year={2004},
  organization={VLDB Endowment}
}

@article{morrison2005generank,
  title={GeneRank: using search engine technology for the analysis of microarray experiments},
  author={Morrison, Julie L and Breitling, Rainer and Higham, Desmond J and Gilbert, David R},
  journal={BMC bioinformatics},
  volume={6},
  number={1},
  pages={233},
  year={2005},
  publisher={BioMed Central Ltd}
}

@inproceedings{singh2007pairwise,
  title={Pairwise global alignment of protein interaction networks by matching neighborhood topology},
  author={Singh, Rohit and Xu, Jinbo and Berger, Bonnie},
  booktitle={Research in computational molecular biology},
  pages={16--31},
  year={2007},
  organization={Springer}
}

@article{govan2009offense,
  title={Offense-defense approach to ranking team sports},
  author={Govan, Anjela Y and Langville, Amy N and Meyer, Carl D},
  journal={Journal of Quantitative Analysis in Sports},
  volume={5},
  number={1},
  year={2009}
}

@article{keener1993perron,
  title={The Perron-Frobenius theorem and the ranking of football teams},
  author={Keener, James P},
  journal={SIAM review},
  volume={35},
  number={1},
  pages={80--93},
  year={1993},
  publisher={SIAM}
}

@inproceedings{lee2011random,
  title={Random walk based entity ranking on graph for multidimensional recommendation},
  author={Lee, Sangkeun and Song, Sang-il and Kahng, Minsuk and Lee, Dongjoo and Lee, Sang-goo},
  booktitle={Proceedings of the fifth ACM conference on Recommender systems},
  pages={93--100},
  year={2011},
  organization={ACM}
}

@incollection{andersen2007detecting,
  title={Detecting sharp drops in PageRank and a simplified local partitioning algorithm},
  author={Andersen, Reid and Chung, Fan},
  booktitle={Theory and Applications of Models of Computation},
  pages={1--12},
  year={2007},
  publisher={Springer}
}

@incollection{andersen2007local,
  title={Local partitioning for directed graphs using PageRank},
  author={Andersen, Reid and Chung, Fan and Lang, Kevin},
  booktitle={Algorithms and Models for the Web-Graph},
  pages={166--178},
  year={2007},
  publisher={Springer}
}

@inproceedings{weng2010twitterrank,
  title={Twitterrank: finding topic-sensitive influential twitterers},
  author={Weng, Jianshu and Lim, Ee-Peng and Jiang, Jing and He, Qi},
  booktitle={Proceedings of the third ACM international conference on Web search and data mining},
  pages={261--270},
  year={2010},
  organization={ACM}
}

@article{berkhin2006bookmark,
  title={Bookmark-coloring algorithm for personalized pagerank computing},
  author={Berkhin, Pavel},
  journal={Internet Mathematics},
  volume={3},
  number={1},
  pages={41--62},
  year={2006},
  publisher={Taylor \& Francis}
}

@article{hristidis2014efficient,
  title={Efficient Ranking on Entity Graphs with Personalized Relationships},
  author={Hristidis, Vagelis and Wu, Yao and Raschid, Louiqa},
  journal={Knowledge and Data Engineering, IEEE Transactions on},
  volume={26},
  number={4},
  pages={850--863},
  year={2014},
  publisher={IEEE}
}

@article{watts1998collective,
  title={Collective dynamics of ‘small-world’networks},
  author={Watts, Duncan J and Strogatz, Steven H},
  journal={nature},
  volume={393},
  number={6684},
  pages={440--442},
  year={1998},
  publisher={Nature Publishing Group}
}

@article{aiello2001random,
  title={A random graph model for power law graphs},
  author={Aiello, William and Chung, Fan and Lu, Linyuan},
  journal={Experimental Mathematics},
  volume={10},
  number={1},
  pages={53--66},
  year={2001},
  publisher={Taylor \& Francis}
}

@article{albert1999internet,
  title={Internet: Diameter of the world-wide web},
  author={Albert, R{\'e}ka and Jeong, Hawoong and Barab{\'a}si, Albert-L{\'a}szl{\'o}},
  journal={Nature},
  volume={401},
  number={6749},
  pages={130--131},
  year={1999},
  publisher={Nature Publishing Group}
}

@techreport{sarkar2010tractable,
  title={Tractable algorithms for proximity search on large graphs},
  author={Sarkar, Purnamrita},
  year={2010},
  institution={DTIC Document}
}

@article{liben2007link,
  title={The link-prediction problem for social networks},
  author={Liben-Nowell, David and Kleinberg, Jon},
  journal={Journal of the American society for information science and technology},
  volume={58},
  number={7},
  pages={1019--1031},
  year={2007},
  publisher={Wiley Online Library}
}

@article{bahmani2010fast,
  title={Fast incremental and personalized PageRank},
  author={Bahmani, Bahman and Chowdhury, Abdur and Goel, Ashish},
  journal={Proceedings of the VLDB Endowment},
  volume={4},
  number={3},
  pages={173--184},
  year={2010},
  publisher={VLDB Endowment}
}

@inproceedings{sarkar2008fast,
  title={Fast incremental proximity search in large graphs},
  author={Sarkar, Purnamrita and Moore, Andrew W and Prakash, Amit},
  booktitle={Proceedings of the 25th international conference on Machine learning},
  pages={896--903},
  year={2008},
  organization={ACM}
}

@article{getoor2005link,
  title={Link mining: a survey},
  author={Getoor, Lise and Diehl, Christopher P},
  journal={ACM SIGKDD Explorations Newsletter},
  volume={7},
  number={2},
  pages={3--12},
  year={2005},
  publisher={ACM}
}

@article{kossinets2006effects,
  title={Effects of missing data in social networks},
  author={Kossinets, Gueorgi},
  journal={Social networks},
  volume={28},
  number={3},
  pages={247--268},
  year={2006},
  publisher={Elsevier}
}

@article{von2002comparative,
  title={Comparative assessment of large-scale data sets of protein--protein interactions},
  author={Von Mering, Christian and Krause, Roland and Snel, Berend and Cornell, Michael and Oliver, Stephen G and Fields, Stanley and Bork, Peer},
  journal={Nature},
  volume={417},
  number={6887},
  pages={399--403},
  year={2002},
  publisher={Nature Publishing Group}
}

@article{butts2003network,
  title={Network inference, error, and informant (in) accuracy: a Bayesian approach},
  author={Butts, Carter T},
  journal={social networks},
  volume={25},
  number={2},
  pages={103--140},
  year={2003},
  publisher={Elsevier}
}

@article{guimera2009missing,
  title={Missing and spurious interactions and the reconstruction of complex networks},
  author={Guimer{\`a}, Roger and Sales-Pardo, Marta},
  journal={Proceedings of the National Academy of Sciences},
  volume={106},
  number={52},
  pages={22073--22078},
  year={2009},
  publisher={National Acad Sciences}
}

@article{lao2010relational,
  title={Relational retrieval using a combination of path-constrained random walks},
  author={Lao, Ni and Cohen, William W},
  journal={Machine learning},
  volume={81},
  number={1},
  pages={53--67},
  year={2010},
  publisher={Springer}
}

@book{cohen2010graph,
  title={Graph walks and graphical models},
  author={Cohen, William W},
  year={2010},
  publisher={Citeseer}
}

@article{henzinger2000link,
  title={Link analysis in web information retrieval},
  author={Henzinger, Monika Rauch and others},
  journal={IEEE Data Eng. Bull.},
  volume={23},
  number={3},
  pages={3--8},
  year={2000},
  publisher={Citeseer}
}

@article{minkov2010improving,
  title={Improving graph-walk-based similarity with reranking: Case studies for personal information management},
  author={Minkov, Einat and Cohen, William W},
  journal={ACM Transactions on Information Systems (TOIS)},
  volume={29},
  number={1},
  pages={4},
  year={2010},
  publisher={ACM}
}

@book{spitzer2013principles,
  title={Principles of random walk},
  author={Spitzer, Frank},
  volume={34},
  year={2013},
  publisher={Springer Science \& Business Media}
}

@inproceedings{boldi2005totalrank,
  title={TotalRank: Ranking without damping},
  author={Boldi, Paolo},
  booktitle={Special interest tracks and posters of the 14th international conference on World Wide Web},
  pages={898--899},
  year={2005},
  organization={ACM}
}

@book{lehoucq1998arpack,
  title={ARPACK users' guide: solution of large-scale eigenvalue problems with implicitly restarted Arnoldi methods},
  author={Lehoucq, Richard B and Sorensen, Danny C and Yang, Chao},
  volume={6},
  year={1998},
  publisher={Siam}
}